<?xml version="1.0" encoding="UTF-8"?><record xmlns="http://www.loc.gov/MARC21/slim" xmlns:cinclude="http://apache.org/cocoon/include/1.0" xmlns:zs="http://www.loc.gov/zing/srw/">
  <leader>00414nz  a2200121n  4500</leader>
  <controlfield tag="001">n 2003074279</controlfield>
  <controlfield tag="003">DLC</controlfield>
  <controlfield tag="005">20030127143745.0</controlfield>
  <controlfield tag="008">030127n| acannaabn          |n aaa      </controlfield>
  <datafield tag="010" ind1=" " ind2=" ">
    <subfield code="a">n 2003074279</subfield>
  </datafield>
  <datafield tag="040" ind1=" " ind2=" ">
    <subfield code="a">DLC</subfield>
    <subfield code="b">eng</subfield>
    <subfield code="c">DLC</subfield>
  </datafield>
  <datafield tag="100" ind1="1" ind2=" ">
    <subfield code="a">Calhoun, Catherine Coe Fairchild</subfield>
  </datafield>
  <datafield tag="670" ind1=" " ind2=" ">
    <subfield code="a">NUCMC data from Guilford Free Library for Calhoun, M.B. Calhouns of Judea, Conn., 1956</subfield>
    <subfield code="b">(Catherine Coe Fairchild Calhoun; Washington, Conn.)</subfield>
  </datafield>
</record>